@book{walters:intro-to-ergodic-theory,
	author = "P. Walters",
	title = "An Introduction to Ergodic Theory",
	year = "1982",
	series = "Graduate Texts in Mathematics",
	volume = "79",
	publisher = "Springer-Verlag",
	address = "New York, United States of America",
}
@book{parry-pollicott:zeta-fns-periodic-orbits,
	author = "W. Parry and Mark Pollicott",
	title = "Zeta Functions and the Periodic Orbit Structure of Hyperbolic Dynamics",
	year = "1990",
	series = "Ast{\'e}risque",
	volume = "187--188",
	publisher = "Soci{\'e}t{\'e} Math{\'e}matique de France",
	address = "Nogent-le-Rotrou, France",
}
@misc{ergodic-lectures,
	author = "C. Walkden",
	title = "{MATH41112/61112 Ergodic Theory} lecture notes",
	year = "2010",
	howpublished = "\url{http://www.maths.manchester.ac.uk/~cwalkden/ergodic-theory/ergodic-theory.html}",
}
@misc{ergodic-old,
	author = "C. Walkden",
	title = "{MT4512/5132 Dynamical Systems and Ergodic Theory} lecture notes",
	year = "2007",
}
@misc{magic-ergodic,
	author = "C. Walkden",
	title = "{MAGIC: Ergodic Theory}",
	year = "2008",
	howpublished = "\url{http://maths.dept.shef.ac.uk/magic/course.php?id=10}",
}
@book{katok-hasselblatt:dynsys,
	author = "A. Katok and B. Hasselblatt",
	title = "Introduction to the Modern Theory of Dynamical Systems",
	year = "1995",
	publisher = "Cambridge University Press",
	address = "Cambridge, United Kingdom",
}
@book{devaney:chaotic-dynsys,
	author = "R. L. Devaney",
	title = "An Introduction to Chaotic Dynamical Systems",
	edition = "Second",
	year = "1989",
	publisher = "Addison-Wesley Publishing Company, Inc.",
	address = "Wokingham, United Kingdom",
}
@book{brin-stuck:dynsys,
	author = "M. Brin and G. Stuck",
	title = "Introduction to Dynamical Systems",
	year = "2002",
	publisher = "Cambridge University Press",
	address = "Cambridge, United Kingdom",
}
@book{pollicott-yuri:dynsys-ergodic,
	author = "M. Pollicott and M. Yuri",
	title = "Dynamical Systems and Ergodic Theory",
	year = "1998",
	publisher = "Cambridge University Press",
	address = "Cambridge, United Kingdom",
}
@book{searcoid:metric-spaces,
	author = "M. {\'O} Searc{\'o}id",
	title = "Metric Spaces",
	year = "2006",
	publisher = "Springer-Verlag",
	address = "New York, United States of America",
}
